@inproceedings{dang2009image,
  title={Image computation for polynomial dynamical systems using the {B}ernstein expansion},
  author={Dang, Thao and Salinas, David},
  booktitle={International Conference on Computer Aided Verification},
  pages={219--232},
  year={2009},
  organization={Springer}
}

@article{dang2012reachability,
  title={Reachability Analysis for Polynomial Dynamical Systems Using the {B}ernstein Expansion.},
  author={Dang, Thao and Testylier, Romain},
  journal={Reliable Computing},
  volume={17},
  number={2},
  pages={128--152},
  year={2012},
  publisher={Citeseer}
}

@inproceedings{sassi2012reachability,
  title={Reachability analysis of polynomial systems using linear programming relaxations},
  author={Sassi, Mohamed Amin Ben and Testylier, Romain and Dang, Thao and Girard, Antoine},
  booktitle={International Symposium on Automated Technology for Verification and Analysis},
  pages={137--151},
  year={2012},
  organization={Springer}
}

@inproceedings{dang2014parameter,
  title={Parameter synthesis using parallelotopic enclosure and applications to epidemic models},
  author={Dang, Thao and Dreossi, Tommaso and Piazza, Carla},
  booktitle={International Workshop on Hybrid Systems Biology},
  pages={67--82},
  year={2014},
  organization={Springer}
}

@inproceedings{dreossi2016parallelotope,
  title={Parallelotope bundles for polynomial reachability},
  author={Dreossi, Tommaso and Dang, Thao and Piazza, Carla},
  booktitle={Proceedings of the 19th International Conference on Hybrid Systems: Computation and Control},
  pages={297--306},
  year={2016}
}


@inproceedings{dreossi2017sapo,
  title={Sapo: Reachability computation and parameter synthesis of polynomial dynamical systems},
  author={Dreossi, Tommaso},
  booktitle={Proceedings of the 20th International Conference on Hybrid Systems: Computation and Control},
  pages={29--34},
  year={2017}
}


@article{dreossi2017reachability,
  title={Reachability computation for polynomial dynamical systems},
  author={Dreossi, Tommaso and Dang, Thao and Piazza, Carla},
  journal={Formal Methods in System Design},
  volume={50},
  number={1},
  pages={1--38},
  year={2017},
  publisher={Springer}
}

@article{nataray2002algorithm,
  title={An algorithm for global optimization using the {T}aylor--{B}ernstein form as inclusion function},
  author={Nataray, PSV and Kotecha, K},
  journal={Journal of Global Optimization},
  volume={24},
  number={4},
  pages={417--436},
  year={2002},
  publisher={Springer}
}

@article{garloff2003bernstein,
  title={The {B}ernstein expansion and its applications},
  author={Garloff, J{\"u}rgen},
  journal={Journal of the American Romanian Academy},
  volume={25},
  pages={27},
  year={2003}
}

@article{smith2009fast,
  title={Fast construction of constant bound functions for sparse polynomials},
  author={Smith, Andrew Paul},
  journal={Journal of Global Optimization},
  volume={43},
  number={2-3},
  pages={445--458},
  year={2009},
  publisher={Springer}
}

@article{nataraj2007new,
  title={A new subdivision algorithm for the {B}ernstein polynomial approach to global optimization},
  author={Nataraj, Paluri SV and Arounassalame, M},
  journal={International journal of automation and computing},
  volume={4},
  number={4},
  pages={342--352},
  year={2007},
  publisher={Springer}
}

@article{munoz2013formalization,
  title={Formalization of {B}ernstein polynomials and applications to global optimization},
  author={Mu{\~n}oz, C{\'e}sar and Narkawicz, Anthony},
  journal={Journal of Automated Reasoning},
  volume={51},
  number={2},
  pages={151--196},
  year={2013},
  publisher={Springer}
}

@misc{kodiak,
title={Kodiak, a {C}++ Library for Rigorous Branch and Bound Computation},
note={\url{https://github.com/nasa/Kodiak}, Accessed: July 2020}
}

@inproceedings{duggirala2016parsimonious,
  title={Parsimonious, simulation based verification of linear systems},
  author={Duggirala, Parasara Sridhar and Viswanathan, Mahesh},
  booktitle={International Conference on Computer Aided Verification},
  pages={477--494},
  year={2016},
  organization={Springer}
}

@article{althoff2010computing,
  title={Computing reachable sets of hybrid systems using a combination of zonotopes and polytopes},
  author={Althoff, Matthias and Stursberg, Olaf and Buss, Martin},
  journal={Nonlinear analysis: hybrid systems},
  volume={4},
  number={2},
  pages={233--249},
  year={2010},
  publisher={Elsevier}
}

@inproceedings{girard2005reachability,
  title={Reachability of uncertain linear systems using zonotopes},
  author={Girard, Antoine},
  booktitle={International Workshop on Hybrid Systems: Computation and Control},
  pages={291--305},
  year={2005},
  organization={Springer}
}

@article{kim2020kaa,
  title={Kaa: A {P}ython Implementation of Reachable Set Computation Using {B}ernstein Polynomials},
  author={Kim, Edward and Duggirala, Parasara Sridhar},
  journal={EPiC Series in Computing},
  volume={74},
  pages={184--196},
  year={2020},
  publisher={EasyChair}
}

@misc{bak2021reachability,
      title={Reachability of Black-Box Nonlinear Systems after {K}oopman Operator Linearization},
      author={Stanley Bak and Sergiy Bogomolov and Parasara Sridhar Duggirala and Adam R. Gerlach and Kostiantyn Potomkin},
      year={2021},
      eprint={2105.00886},
      archivePrefix={arXiv},
      primaryClass={eess.SY}
}

@article{huang2019reachnn,
  title={Reachnn: Reachability analysis of neural-network controlled systems},
  author={Huang, Chao and Fan, Jiameng and Li, Wenchao and Chen, Xin and Zhu, Qi},
  journal={ACM Transactions on Embedded Computing Systems (TECS)},
  volume={18},
  number={5s},
  pages={1--22},
  year={2019},
  publisher={ACM New York, NY, USA}
}

@inproceedings{sankaranarayanan2008symbolic,
  title={Symbolic model checking of hybrid systems using template polyhedra},
  author={Sankaranarayanan, Sriram and Dang, Thao and Ivan{\v{c}}i{\'c}, Franjo},
  booktitle={International Conference on Tools and Algorithms for the Construction and Analysis of Systems},
  pages={188--202},
  year={2008},
  organization={Springer}
}

@inproceedings{clariso2004octahedron,
  title={The octahedron abstract domain},
  author={Claris{\'o}, Robert and Cortadella, Jordi},
  booktitle={International Static Analysis Symposium},
  pages={312--327},
  year={2004},
  organization={Springer}
}


@article{gronski2019template,
  title={Template polyhedra and bilinear optimization},
  author={Gronski, Jessica and Sassi, Mohamed-Amin Ben and Becker, Stephen and Sankaranarayanan, Sriram},
  journal={Formal Methods in System Design},
  volume={54},
  number={1},
  pages={27--63},
  year={2019},
  publisher={Springer}
}

@inproceedings{dang2011template,
  title={Template-based unbounded time verification of affine hybrid automata},
  author={Dang, Thao and Gawlitza, Thomas Martin},
  booktitle={Asian Symposium on Programming Languages and Systems},
  pages={34--49},
  year={2011},
  organization={Springer}
}

@inproceedings{seladji2017finding,
  title={Finding relevant templates via the principal component analysis},
  author={Seladji, Yassamine},
  booktitle={International Conference on Verification, Model Checking, and Abstract Interpretation},
  pages={483--499},
  year={2017},
  organization={Springer}
}

@inproceedings{stursberg2003efficient,
  title={Efficient representation and computation of reachable sets for hybrid systems},
  author={Stursberg, Olaf and Krogh, Bruce H},
  booktitle={International Workshop on Hybrid Systems: Computation and Control},
  pages={482--497},
  year={2003},
  organization={Springer}
}

@inproceedings{chen2011choice,
  title={Choice of directions for the approximation of reachable sets for hybrid systems},
  author={Chen, Xin and {\'A}brah{\'a}m, Erika},
  booktitle={International Conference on Computer Aided Systems Theory},
  pages={535--542},
  year={2011},
  organization={Springer}
}

@article{ansumali2020modelling,
  title={Modelling a pandemic with asymptomatic patients, impact of lockdown and herd immunity, with applications to SARS-CoV-2},
  author={Ansumali, Santosh and Kaushal, Shaurya and Kumar, Aloke and Prakash, Meher K and Vidyasagar, M},
  journal={Annual Reviews in Control},
  year={2020},
  publisher={Elsevier}
}

@article{fitzhugh1961impulses,
  title={Impulses and physiological states in theoretical models of nerve membrane},
  author={FitzHugh, Richard},
  journal={Biophysical journal},
  volume={1},
  number={6},
  pages={445--466},
  year={1961},
  publisher={Elsevier}
}

@misc{indiansuper2020supermodel,
	title = {Indian {Supermodel} for {Covid}-19 {Pandemic}},
	url = {https://www.iith.ac.in/~m_vidyasagar/arXiv/Super-Model.pdf},
	author = {{National Supermodel Committee }},
}

@inproceedings{devonport2020pirk,
  title={{PIRK}: Scalable Interval Reachability Analysis for High-Dimensional Nonlinear Systems},
  author={Devonport, Alex and Khaled, Mahmoud and Arcak, Murat and Zamani, Majid},
  booktitle={International Conference on Computer Aided Verification},
  pages={556--568},
  year={2020},
  organization={Springer}
}
