@book{arora2009computational,
  title={Computational complexity: a modern approach},
  author={Arora, Sanjeev and Barak, Boaz},
  year={2009},
  publisher={Cambridge University Press}
}

@article{harsha2010limitsDIMACS,
  title={Limits of approximation algorithms: Pcps and unique games (dimacs tutorial lecture notes)},
  author={Harsha, Prahladh and Charikar, Moses and Andrews, Matthew and Arora, Sanjeev and Khot, Subhash and Moshkovitz, Dana and Zhang, Lisa and Aazami, Ashkan and Desai, Dev and Gorodezky, Igor and others},
  journal={arXiv preprint arXiv:1002.3864},
  year={2010}
}

@article{harsha2010limitsTIFR,
  title={Limits of approximation algorithms: PCPs and Unique Games (TIFR/IMSc Lecture Notes, Spring 2010)},
  author={Harsha, Prahladh},
  year={2010}
}

@article{trevisan2012khot,
  title={ON KHOT'S UNIQUE GAMES CONJECTURE.},
  author={Trevisan, Luca},
  journal={Bulletin (New Series) of the American Mathematical Society},
  volume={49},
  number={1},
  year={2012},
  publisher={Citeseer}
}

@inproceedings{khot2005unique,
  title={On the unique games conjecture},
  author={Khot, Subhash and Vishnoi, Nisheeth K},
  booktitle={FOCS},
  volume={5},
  pages={3},
  year={2005},
  organization={Citeseer}
}

@article{khot2007optimal,
  title={Optimal inapproximability results for MAX-CUT and other 2-variable CSPs?},
  author={Khot, Subhash and Kindler, Guy and Mossel, Elchanan and O’Donnell, Ryan},
  journal={SIAM Journal on Computing},
  volume={37},
  number={1},
  pages={319--357},
  year={2007},
  publisher={SIAM}
}

@inproceedings{mossel2005noise,
  title={Noise stability of functions with low influences: invariance and optimality},
  author={Mossel, Elchanan and O'Donnell, Ryan and Oleszkiewicz, Krzysztof},
  booktitle={46th Annual IEEE Symposium on Foundations of Computer Science (FOCS'05)},
  pages={21--30},
  year={2005},
  organization={IEEE}
}


% PCP Theorem Dinur, and Original

@article{dinur2007pcp,
  title={The PCP theorem by gap amplification},
  author={Dinur, Irit},
  journal={Journal of the ACM (JACM)},
  volume={54},
  number={3},
  pages={12--es},
  year={2007},
  publisher={ACM New York, NY, USA}
}

@article{radhakrishnan2007dinur,
  title={On Dinur’s proof of the PCP theorem},
  author={Radhakrishnan, Jaikumar and Sudan, Madhu},
  journal={Bulletin of the American Mathematical Society},
  volume={44},
  number={1},
  pages={19--61},
  year={2007}
}

@article{arora1998probabilistic,
  title={Probabilistic checking of proofs: A new characterization of NP},
  author={Arora, Sanjeev and Safra, Shmuel},
  journal={Journal of the ACM (JACM)},
  volume={45},
  number={1},
  pages={70--122},
  year={1998},
  publisher={ACM New York, NY, USA}
}

@article{arora1998proof,
  title={Proof verification and the hardness of approximation problems},
  author={Arora, Sanjeev and Lund, Carsten and Motwani, Rajeev and Sudan, Madhu and Szegedy, Mario},
  journal={Journal of the ACM (JACM)},
  volume={45},
  number={3},
  pages={501--555},
  year={1998},
  publisher={ACM New York, NY, USA}
}

@article{haastad2001some,
  title={Some optimal inapproximability results},
  author={H{\aa}stad, Johan},
  journal={Journal of the ACM (JACM)},
  volume={48},
  number={4},
  pages={798--859},
  year={2001},
  publisher={ACM New York, NY, USA}
}

@article{goemans1995improved,
  title={Improved approximation algorithms for maximum cut and satisfiability problems using semidefinite programming},
  author={Goemans, Michel X and Williamson, David P},
  journal={Journal of the ACM (JACM)},
  volume={42},
  number={6},
  pages={1115--1145},
  year={1995},
  publisher={ACM New York, NY, USA}
}

@article{raz1998parallel,
  title={A parallel repetition theorem},
  author={Raz, Ran},
  journal={SIAM Journal on Computing},
  volume={27},
  number={3},
  pages={763--803},
  year={1998},
  publisher={SIAM}
}

@book{o2014analysis,
  title={Analysis of boolean functions},
  author={O'Donnell, Ryan},
  year={2014},
  publisher={Cambridge University Press}
}

@article{bellare1998free,
  title={Free bits, PCPs, and nonapproximability---towards tight results},
  author={Bellare, Mihir and Goldreich, Oded and Sudan, Madhu},
  journal={SIAM Journal on Computing},
  volume={27},
  number={3},
  pages={804--915},
  year={1998},
  publisher={SIAM}
}

@inproceedings{khot2002power,
  title={On the power of unique 2-prover 1-round games},
  author={Khot, Subhash},
  booktitle={Proceedings of the thiry-fourth annual ACM symposium on Theory of computing},
  pages={767--775},
  year={2002}
}

@misc{uwash2005,
  title={CSE 533: The PCP Theorem and hardness of approximation},
  author={Guruswami, Venkatesan and O’Donnell, Ryan},
  year={2005}
}
